<record><leader>00000cas a22000007a 4500</leader><controlfield tag="001">10406037</controlfield><controlfield tag="008">840211d18661871ohuwr ne      0    0eng d</controlfield><datafield ind1=" " ind2=" " tag="010"><subfield code="a">sn 84028084 </subfield></datafield><datafield ind1=" " ind2=" " tag="040"><subfield code="a">NPY</subfield><subfield code="b">eng</subfield><subfield code="c">NPY</subfield><subfield code="d">ONP</subfield><subfield code="d">OCLCQ</subfield><subfield code="d">DLC</subfield><subfield code="d">OCLCF</subfield></datafield><datafield ind1="1" ind2=" " tag="029"><subfield code="a">AU@</subfield><subfield code="b">000020532058</subfield></datafield><datafield ind1=" " ind2=" " tag="042"><subfield code="a">msc</subfield></datafield><datafield ind1=" " ind2=" " tag="043"><subfield code="a">n-us-oh</subfield></datafield><datafield ind1="0" ind2="4" tag="245"><subfield code="a">The Geauga Democrat.</subfield></datafield><datafield ind1=" " ind2=" " tag="260"><subfield code="a">Chardon, Ohio :</subfield><subfield code="b">J.O. Converse,</subfield><subfield code="c">1866-1871.</subfield></datafield><datafield ind1=" " ind2=" " tag="300"><subfield code="a">v.</subfield></datafield><datafield ind1=" " ind2=" " tag="310"><subfield code="a">Weekly</subfield></datafield><datafield ind1="0" ind2=" " tag="362"><subfield code="a">Vol. 17, no. 1 (Jan. 3, 1866)-v. 22, no. 52 (Dec. 27, 1871).</subfield></datafield><datafield ind1=" " ind2=" " tag="500"><subfield code="a">Republican.</subfield></datafield><datafield ind1=" " ind2="0" tag="651"><subfield code="a">Chardon (Ohio)</subfield><subfield code="v">Newspapers.</subfield></datafield><datafield ind1=" " ind2="0" tag="651"><subfield code="a">Geauga County (Ohio)</subfield><subfield code="v">Newspapers.</subfield></datafield><datafield ind1=" " ind2="7" tag="655"><subfield code="a">Newspapers.</subfield><subfield code="2">fast</subfield><subfield code="0">(OCoLC)fst01423814</subfield></datafield><datafield ind1=" " ind2="7" tag="651"><subfield code="a">Ohio</subfield><subfield code="z">Chardon.</subfield><subfield code="2">fast</subfield><subfield code="0">(OCoLC)fst01275396</subfield></datafield><datafield ind1=" " ind2="7" tag="651"><subfield code="a">Ohio</subfield><subfield code="z">Geauga County.</subfield><subfield code="2">fast</subfield><subfield code="0">(OCoLC)fst01213680</subfield></datafield><datafield ind1=" " ind2=" " tag="752"><subfield code="a">United States</subfield><subfield code="b">Ohio</subfield><subfield code="c">Geauga</subfield><subfield code="d">Chardon.</subfield></datafield><datafield ind1="0" ind2="0" tag="780"><subfield code="t">Jeffersonian Democrat (Chardon, Ohio)</subfield><subfield code="x">2327-1426</subfield><subfield code="w">(DLC)sn 84028083</subfield><subfield code="w">(OCoLC)10406034</subfield></datafield><datafield ind1="0" ind2="0" tag="785"><subfield code="t">Geauga Republican (Chardon, Ohio : 1872)</subfield><subfield code="w">(DLC)sn 84028085</subfield></datafield></record>